@inproceedings{torlak2013growing,
  title={Growing solver-aided languages with rosette},
  author={Torlak, Emina and Bodik, Rastislav},
  booktitle={Proceedings of the 2013 ACM international symposium on New ideas, new paradigms, and reflections on programming \& software},
  pages={135--152},
  year={2013},
  organization={ACM}
}


@inproceedings{jose2011cause,
  title={Cause clue clauses: error localization using maximum satisfiability},
  author={Jose, Manu and Majumdar, Rupak},
  booktitle={ACM SIGPLAN Notices},
  volume={46},
  pages={437--446},
  year={2011},
  organization={ACM}
}
@inproceedings{christ2015weakly,
  title={Weakly equivalent arrays},
  author={Christ, J{\"u}rgen and Hoenicke, Jochen},
  booktitle={International Symposium on Frontiers of Combining Systems},
  pages={119--134},
  year={2015},
  organization={Springer}
}